@article{okubo1989spatial,
  title={On the spatial spread of the grey squirrel in Britain},
  author={Okubo, A and Maini, PK and Williamson, MH and Murray, JD},
  journal={Proceedings of the Royal Society of London B: Biological Sciences},
  volume={238},
  number={1291},
  pages={113--125},
  year={1989},
  publisher={The Royal Society}
}
@article{reynolds1985details,
  title={Details of the geographic replacement of the red squirrel (Sciurus vulgaris) by the grey squirrel (Sciurus carolinensis) in eastern England},
  author={Reynolds, JC},
  journal={The Journal of Animal Ecology},
  pages={149--162},
  year={1985},
  publisher={JSTOR}
}

@article{parker2008gray,
  title={Gray squirrel density, habitat suitability, and behavior in urban parks},
  author={Parker, Tommy S and Nilon, Charles H},
  journal={Urban Ecosystems},
  volume={11},
  number={3},
  pages={243--255},
  year={2008},
  publisher={Springer}
}

@article{llera2016estimating,
  title={Estimating an Inverse Gamma distribution},
  author={Llera, A and Beckmann, CF},
  journal={arXiv preprint arXiv:1605.01019},
  year={2016}
}


